<?xml version="1.0" encoding="UTF-8"?><collection xmlns="http://www.loc.gov/MARC21/slim"><record><leader>00326nam--2200121-i-4500</leader><controlfield tag="001">000018487</controlfield><controlfield tag="002">20161230</controlfield><controlfield tag="005">20161230201032</controlfield><controlfield tag="008">060222s1000------------r-----000-0-eng-d</controlfield><datafield ind1=" " ind2=" " tag="100"><subfield code="a">Earhshaw Joseph B</subfield></datafield><datafield ind1=" " ind2=" " tag="245"><subfield code="a">An introduction to a-c circuit theory</subfield></datafield><datafield ind1=" " ind2=" " tag="260"><subfield code="a">London, Macmimillian And Co Ltd., 1960. Xv + 264 P</subfield></datafield><datafield ind1=" " ind2=" " tag="852"><subfield code="a">17071</subfield></datafield></record></collection>